@Article{Johnson,
author = {Edgar G. Johnson and Alfred O. Nier},
title = {Angular Aberrations in Sector Shaped Electromagnetic Lenses for Focusing Beams of 
Charged Particles},
journal = {Physical Review},
year = {1953},
volume = {91},
number = {1},
}

@phdthesis{Zoran,
author = {Zoran Racic},
title = {\'Etude et essais du spectromÃ¨tre Ã  plasma {DYMIO} de la  mission {MARS 96}},
publisher = {UniversitÃ© Pierre et Marie Curie},
year = {1996}
}

@Article{Evans,
author = {D. Evans},
title = {The Internet of Things-How the Next Evolution of the Internet Is Changing Everything},
MONTH =  {April},
note = {\url{http://www.cisco.com/web/about/ac79/docs/innov/IoT_IBSG_0411FINAL.pdf3}, last accessed on 01/01/20},
urldate = {2020-01-16}, 
year = {2011},
}